 @misc{wikipedia_2022,
  title     = {Support Vector Machine},
  url       = {https://en.wikipedia.org/wiki/Support_vector_machine},
  journal   = {Wikipedia},
  publisher = {Wikimedia Foundation},
  year      = {2022},
  month     = {Dec}
} 


 @misc{wikipedia_2022,
  title     = {Gradient boosting},
  url       = {https://en.wikipedia.org/wiki/Gradient_boosting},
  journal   = {Wikipedia},
  publisher = {Wikimedia Foundation},
  year      = {2022},
  month     = {Dec}
} 

 @misc{geeksforgeeks_2022,
  title   = {Introduction to stemming},
  url     = {https://www.geeksforgeeks.org/introduction-to-stemming/},
  journal = {GeeksforGeeks},
  year    = {2022},
  month   = {Nov}
}

 @misc{burchfiel_2022,
  title   = {What is NLP (Natural Language Processing) tokenization?},
  url     = {https://www.tokenex.com/blog/ab-what-is-nlp-natural-language-processing-tokenization/},
  journal = {tokenex},
  author  = {Burchfiel, Anni},
  year    = {2022},
  month   = {Oct}
} 

 @misc{scikit,
  title   = {1.9. naive Bayes},
  url     = {https://scikit-learn.org/stable/modules/naive_bayes.html},
  journal = {scikit}
} 

 @misc{scikit,
  title   = {Sklearn.linear_model.logisticregression},
  url     = {https://scikit-learn.org/stable/modules/generated/sklearn.linear_model.LogisticRegression.html},
  journal = {scikit}
} 

 @misc{scikit,
  title   = {Sklearn.ensemble.gradientboostingclassifier},
  url     = {https://scikit-learn.org/stable/modules/generated/sklearn.ensemble.GradientBoostingClassifier.html},
  journal = {scikit}
} 

 @misc{scikit,
  title   = {1.4. Support Vector Machines},
  url     = {https://scikit-learn.org/stable/modules/svm.html},
  journal = {scikit}
} 

 @misc{wikipedia_2022,
  title     = {Hinge loss},
  url       = {https://en.wikipedia.org/wiki/Hinge_loss},
  journal   = {Wikipedia},
  publisher = {Wikimedia Foundation},
  year      = {2022},
  month     = {Nov}
} 